% This file was created with JabRef 2.10.
% Encoding: Cp1252


@Book{Axler1997,
  Title                    = {Linear Algebra Done Right},
  Author                   = {Axler, Sheldon Jay},
  Publisher                = {Springer},
  Year                     = {1997},

  Address                  = {New York},
  Edition                  = {2nd},

  Added-at                 = {2013-09-18T17:56:25.000+0200},
  Biburl                   = {http://www.bibsonomy.org/bibtex/24d130798bedd0a716d0a5a561cf26be0/ytyoun},
  Interhash                = {83e89642bd84b83a0285de13940de5c0},
  Intrahash                = {4d130798bedd0a716d0a5a561cf26be0},
  ISBN                     = {0387982582},
  Keywords                 = {eigenvalues linear.algebra matrix textbook},
  Owner                    = {pcrespo},
  Timestamp                = {2015-07-29T07:16:51.000+0200},
  Url                      = {http://linear.axler.net/}
}

